<record><leader>00000cas a2200000Ma 4500</leader><controlfield tag="001">10986190</controlfield><controlfield tag="008">840725d1876187unhuwr ne      0    0eng d</controlfield><datafield ind1=" " ind2=" " tag="010"><subfield code="a">sn 84023785 </subfield></datafield><datafield ind1=" " ind2=" " tag="040"><subfield code="a">AQM</subfield><subfield code="b">eng</subfield><subfield code="c">AQM</subfield><subfield code="d">OCLCQ</subfield></datafield><datafield ind1="0" ind2=" " tag="130"><subfield code="a">Democrat and news (Laconia, N.H.)</subfield></datafield><datafield ind1="1" ind2="0" tag="245"><subfield code="a">Democrat and news.</subfield></datafield><datafield ind1=" " ind2=" " tag="260"><subfield code="a">Laconia, N.H. :</subfield><subfield code="b">W.M. Kendall, Jr.</subfield></datafield><datafield ind1=" " ind2=" " tag="300"><subfield code="a">v.</subfield></datafield><datafield ind1=" " ind2=" " tag="310"><subfield code="a">Weekly</subfield></datafield><datafield ind1="1" ind2=" " tag="362"><subfield code="a">Began in June 1876.</subfield><subfield code="z">Cf. Moore, J.W. Hist., bio., and misc. gatherings, 1886.</subfield></datafield><datafield ind1=" " ind2=" " tag="500"><subfield code="a">Editor: W.M. Kendall, Jr.</subfield></datafield><datafield ind1=" " ind2=" " tag="588"><subfield code="a">Description based on: Vol. 28, no. 38 (Sept. 21, 1876).</subfield></datafield><datafield ind1=" " ind2="7" tag="655"><subfield code="a">Newspapers.</subfield><subfield code="2">rbgenr</subfield></datafield><datafield ind1="1" ind2=" " tag="700"><subfield code="a">Kendall, William Martin,</subfield><subfield code="d">b. 1854.</subfield></datafield><datafield ind1=" " ind2=" " tag="752"><subfield code="a">United States</subfield><subfield code="b">New Hampshire</subfield><subfield code="c">Belknap</subfield><subfield code="d">Laconia.</subfield></datafield><datafield ind1="0" ind2="4" tag="780"><subfield code="t">New Hampshire weekly news</subfield><subfield code="w">(DLC)sn 84023605</subfield></datafield><datafield ind1="0" ind2="4" tag="780"><subfield code="t">Connecticut River Valley news</subfield></datafield><datafield ind1="0" ind2="4" tag="780"><subfield code="t">Laconia Democrat</subfield><subfield code="w">(DLC)sn 84023784</subfield></datafield><datafield ind1="0" ind2="0" tag="785"><subfield code="t">Laconia Democrat</subfield></datafield></record>